@misc{EthSecServ,
	author = {Huashan Chen, Marcus Pendleton, Laurent Njilla and Shouhuai Xu},
	title = {A Survey on Ethereum Systems Security:	Vulnerabilities, Attacks and Defenses},
	howpublished = {\url{https://arxiv.org/pdf/1908.04507.pdf}},
	month        = {Aug},
	year         = {2019}
}

@misc{EthGit,
	author       = {Ethereum},
	title        = {Ethereum project repository},
	howpublished = {\url{https://github.com/ethereum}},
	month        = {May},
	year         = {2014}
}

@misc{MakSm,
	author       = {Luu, Loi and Chu, Duc-Hiep and Olickel, Hrishi and Saxena, Prateek and Hobor, Aquinas},
	title        = {Making Smart Contracts Smarter},
	howpublished = {\url{https://dl.acm.org/ft_gateway.cfm?id=2978309&ftid=1805715&dwn=1&CFID=86372769&CFTOKEN=b697c89273876526-8CBDF39B-A89A-31D2-F565B24919F796C6}},
	month        = {Oct},
	year         = {2016}
}

@misc{victormeasuring,
	author = {Victor, Friedhelm and L{\"u}ders, Bianca Katharina},
	title = {Measuring Ethereum-based ERC20 Token Networks},
	howpublished = {International Conference on Financial Cryptography and Data Security},
	year = {2019}
}

@misc{SolidityDoc,
	author = {Ethereum},
	title = {Solidity — Solidity documentation},
	howpublished = {\url{https://solidity.readthedocs.io/en/latest/}},
	month = {Jan},
	year = {2020}
}

@misc{EthInDepth,
	author       = {Facu Spagnuolo},
	title        = {Ethereum in Depth, Part 2},
	howpublished = {\url{https://blog.openzeppelin.com/ethereum-in-depth-part-2-6339cf6bddb9/}},
	month        = {Jul},
	year         = {2018}
}

@misc{EYTool,
	author       = {EY},
	title        = {Smart Contract and Token Review},
	howpublished = {\url{https://review-tool.blockchain.ey.com}},
	month        = {Sep},
	year         = {2019}
}

@misc{MikVlad,
	author       = {Mikhail Vladimirov},
	title        = {Attack vector on ERC20 API (approve/transferFrom methods) and suggested improvements},
	howpublished = {\url{https://github.com/ethereum/EIPs/issues/20\#issuecomment-263524729}},
	month        = {Nov},
	year         = {2016}
}

@misc{TomHale,
	author       = {Tom Hale},
	title        = {Resolution on the EIP20 API Approve / TransferFrom multiple withdrawal attack \#738},
	howpublished = {\url{https://github.com/ethereum/EIPs/issues/738}},
	month        = {Oct},
	year         = {2017}
}

@misc{PeckShield,
	author       = {PeckShield},
	title        = {ALERT: New batchOverflow Bug in Multiple ERC20 Smart Contracts (CVE-2018-10299)},
	howpublished = {\url{https://blog.peckshield.com/2018/04/22/batchOverflow/}},
	month        = {Apr},
	year         = {2018}
}

@misc{ERC20Std,
	author       = {Fabian Vogelsteller, Vitalik Buterin},
	title        = {ERC-20 Token Standard},
	howpublished = {\url{https://github.com/ethereum/EIPs/blob/master/EIPS/eip-20.md}},
	month        = {Nov},
	year         = {2015}
}

@misc{ERC20MWA,
	author = {Rahimian, Reza and Eskandari, Shayan and Clark, Jeremy},
	title = {Resolving the Multiple Withdrawal Attack on ERC20 Tokens},
    howpublished = {\url{https://arxiv.org/abs/1907.00903}},
	month = {Jul},
	year = {2019}
}

@article{eskandari2019sok,
	author = {Eskandari, Shayan and Moosavi, Seyedehmahsa and Clark, Jeremy},
	title = {SoK: Transparent Dishonesty: front-running attacks on Blockchain},
	journal	= {International Conference on Financial Cryptography and Data Security},
	organization = {Springer},
	year = {2019},
	volume = {1},
	pages = {380}
}

@misc{DAO1,
	author = {Klint Finley},
	title = {A \$50 Million Hack Just Showed That the DAO Was All Too Human | WIRED},
	howpublished = {\url{https://www.wired.com/2016/06/50-million-hack-just-showed-dao-human/}},
	month = {Sep},
	year = {2016}
}

@misc{DAO2,
	author = {Jentzsch, Christoph},
	title = {The History of the DAO and Lessons Learned},
	howpublished = {\url{https://blog.slock.it/the-history-of-the-dao-and-lessons-learned-d06740f8cfa5}},
	month = {Aug},
	year = {2016}
}



@misc{Overflow,
	author = {Reza Rahimian},
	title = {Overflow attack in Ethereum smart contracts},
	howpublished = {\url{https://blockchain-projects.readthedocs.io/overflow.html}},
	month = {Dec},
	year = {2018}
}

@misc{PartiyMultiSig,
	author = {Santiago Palladino},
	title = {The Parity Wallet Hack Explained},
	howpublished = {\url{https://blog.openzeppelin.com/on-the-parity-wallet-multisig-hack-405a8c12e8f7/}},
	month = {July},
	year = {2017}
}

@misc{MyEthWallet,
	author = {Kai Sedgwick},
	title = {Myetherwallet Servers Are Hijacked in DNS Attack},
	howpublished={\url{https://news.bitcoin.com/myetherwallet-servers-are-hijacked-in-dns-attack/}},
	month={Apr},
	year={2018}
}

@misc{LandoKL,
	author = {Guy Lando},
	title = {Guy Lando’s knowledge list},
	howpublished={\url{https://github.com/guylando/KnowledgeLists/blob/master/EthereumSmartContracts.md}},
	month={May},
	year={2019}
}

@misc{SoliditySecCon,
	author = {Solidity documentation},
	title = {Security Considerations},
	howpublished={\url{https://solidity.readthedocs.io/en/latest/security-considerations.html}},
	month={Jan},
	year={2020}
}

@misc{ConsensysSecCon,
	author = {ConsenSys Diligence},
	title = {Ethereum Smart Contract Security Best Practices},
	howpublished={\url{https://consensys.github.io/smart-contract-best-practices/}},
	month={Jan},
	year={2020}
}

@misc{IstanbulUpgrades,
	author = {Alex Beregszaszi, Afri Schoedon},
	title = {Hardfork Meta: Istanbul},
	howpublished={\url{https://github.com/ethereum/EIPs/blob/master/EIPS/eip-1679.md}},
	month={Dec},
	year={2019}
}

@misc{ConsensysStopTran,
	author = {Steve Marx},
	title = {Stop Using Solidity's transfer() Now},
	howpublished={\url{https://diligence.consensys.net/blog/2019/09/stop-using-soliditys-transfer-now/}},
	month={Dec},
	year={2019}
}

@misc{ChainSecurity,
	author = {Hubert Ritzdorf},
	title = {Ethereum Istanbul Hardfork, The Security Perspective},
	howpublished={\url{https://docs.google.com/presentation/d/1IiRYSjwle02zQUmWId06Bss8GrxGyw6nQAiZdCRFEPk/}},
	month={Oct},
	year={2019}
}

@misc{SolidtyDocSec,
	author = {Ethereum documentation},
	title = {Re-Entrancy},
	howpublished={\url{https://solidity.readthedocs.io/en/latest/security-considerations.html\#re-entrancy}},
	month={Jan},
	year={2020}
}

@misc{SolidtySecBlog,
	author = {Age Manning},
	title = {Comprehensive list of known attack vectors and common anti-patterns},
	howpublished={\url{https://github.com/sigp/solidity-security-blog}},
	month={Nov},
	year={2019}
}

@misc{UnexpectedEth,
	author = {Daniel Szego},
	title = {Solidity security patterns - forcing ether to a contract},
	howpublished={\url{http://danielszego.blogspot.com/2018/03/solidity-security-patterns-forcing.html}},
	month={Mar},
	year={2018}
}

@misc{ParityFirstHack,
	author = {Haseeb Qureshi},
	title = {A hacker stole \$31M of Ether — how it happened, and what it means for Ethereum},
	howpublished={\url{https://www.freecodecamp.org/news/a-hacker-stole-31m-of-ether-how-it-happened-and-what-it-means-for-ethereum-9e5dc29e33ce/}},
	month={Jul},
	year={2017}
}

@misc{ParitySecondHack,
	author = {Breidenbach, Lorenz and Daian, Phil and Juels, Ari and Gun Sirer, Emin},
	title = {An In-Depth Look at the Parity Multisig Bug},
	howpublished={\url{https://hackingdistributed.com/2017/07/22/deep-dive-parity-bug/}},
	month={Jul},
	year={2017}
}

@misc{ParityWalletHack,
	author = {Parity Technologies},
	title = {Security Alert},
	howpublished={\url{https://www.parity.io/security-alert-2/}},
	month={Nov},
	year={2018}
}


@misc{SoliditySendEther,
	author = {Kirill Bulgakov},
	title = {Three methods to send ether by means of Solidity},
	howpublished={\url{https://medium.com/daox/three-methods-to-transfer-funds-in-ethereum-by-means-of-solidity-5719944ed6e9}},
	month={Feb},
	year={2018}
}

@misc{WiKiMutex,
	author = {wikipedia},
	title = {Mutual exclusion},
	howpublished={\url{https://en.wikipedia.org/wiki/Mutual_exclusion}},
	month={Jan},
	year={2019}
}

@misc{GameSec1,
	author = {Lye, Kong-wei and Wing, Jeannette},
	title = {Game Strategies in Network Security},
	howpublished={\url{https://www.cs.cmu.edu/~wing/publications/CMU-CS-02-136.pdf}},
	month={May},
	year={2012}
}

@misc{EIP150,
	author = {Wood, Gavin},
	title = {Ethereum: a secure decentralised generalised transaction ledger},
	howpublished={\url{http://gavwood.com/paper.pdf}},
	month={Mar},
	year={2016}
}

@misc{LIB1,
	author = {Ethereum},
	title = {Solidity — Solidity documentation},
	howpublished={\url{https://solidity.readthedocs.io/en/latest/contracts.html?highlight=library\#libraries}},
	month={Jan},
	year={2020}
}

@misc{LIB2,
	author = {Jain, Sarvesh},
	title = {All you should know about libraries in solidity},
	howpublished={\url{https://medium.com/coinmonks/all-you-should-know-about-libraries-in-solidity-dd8bc953eae7}},
	month={Sep},
	year={2018}
}

@misc{SEREUM,
	author = {Rodler, Michael and Li, Wenting and Karame, Ghassan and Davi, Lucas},
	title = {Sereum: Protecting Existing Smart Contracts Against Re-Entrancy Attacks},
	howpublished={\url{https://arxiv.org/pdf/1812.05934.pdf}},
	month={Dec},
	year={2018}
}


@misc{SECURIFY,
	author = {Tsankov, Petar and Dan, Andrei and Drachsler-Cohen, Dana and Gervais, Arthur},
	title = {Securify: Practical Security Analysis of Smart Contracts},
	howpublished={\url{https://arxiv.org/pdf/1806.01143.pdf}},
	month={Aug},
	year={2018}

}

@misc{SECURIFYGIT,
	author = {Tsankov, Petar},
	title = {Securify v2.0},
	howpublished={\url{https://github.com/eth-sri/securify2}},
	month={Jan},
	year={2020}
	
}

@misc{SMARTCHECK,
	author = {SmartDec},
	title = {SmartCheck knowledge-base},
	howpublished={\url{https://tool.smartdec.net/knowledge}},
	month={Sep},
	year={2018}
}

@misc{MythX,
	author = {ConsenSys},
	title = {MythX SWC coverage},
	howpublished={\url{https://mythx.io/swc-coverage/}},
	month={Nov},
	year={2019}
}

@misc{ContractGuard,
	author = {GuardStrike},
	title = {ContractGuard knowledge-base},
	howpublished={\url{https://contract.guardstrike.com/#/knowledge}},
	month={Mar},
	year={2020}
}

@misc{SlitherSetup,
	author = {Josselin, Feist},
	title = {Slither – a Solidity static analysis framework},
	howpublished={\url{https://blog.trailofbits.com/2018/10/19/slither-a-solidity-static-analysis-framework/}},
	month={Oct},
	year={2018}
}

@misc{SlitherDoc,
	author = {Josselin, Feist},
	title = {Slither – Detector Documentation},
	howpublished={\url{https://github.com/crytic/slither/wiki/Detector-Documentation#name-reused}},
	month={Mar},
	year={2020}
}

@misc{EtherScan,
	author = {EtherScan},
	title = {Token Tracker},
	howpublished={\url{https://etherscan.io/tokens?sortcmd=remove&sort=marketcap&order=desc}},
	month={Apr},
	year={2020}
}

@misc{AuditTools,
	author = {di Angelo, Monika and Salzer, Gernot},
	title = {A Survey of Tools for Analyzing Ethereum Smart Contracts},
	howpublished={\url{https://publik.tuwien.ac.at/files/publik_278277.pdf}},
	month={Aug},
	year={2019}
}

@misc{SolidityModifer,
	author = {Simon, Gary},
	title = {Solidity Modifier Tutorial - Control Functions with Modifiers},
	howpublished={\url{https://coursetro.com/posts/code/101/Solidity-Modifier-Tutorial---Control-Functions-with-Modifiers}},
	month={Oct},
	year={2017}
}

@misc{ReentrancyGuard,
	author = {Venturo, Nicolas and Giordano, Francisco},
	title = {Reentrancy Guard},
	howpublished={\url{https://github.com/OpenZeppelin/openzeppelin-contracts/blob/master/contracts/utils/ReentrancyGuard.sol}},
	month={Oct},
	year={2017}
}

@misc{OrderingAttack,
	author = {Coverdale, Chris},
	title = {Solidity: Transaction-Ordering Attacks},
	howpublished={\url{https://medium.com/coinmonks/solidity-transaction-ordering-attacks-1193a014884e}},
	month={Mar},
	year={2018}
}

@misc{ProxyPatterns,
	author = {OpenZeppelin},
	title = {Proxy Patterns},
	howpublished={\url{https://blog.openzeppelin.com/proxy-patterns/}},
	month={Apr},
	year={2018}
}

@misc{ProxyContract,
	author = {Tanner, Jack},
	title = {Summary of Ethereum Upgradeable Smart Contract R\&D — Part 1–2018},
	howpublished={\url{https://blog.indorse.io/ethereum-upgradeable-smart-contract-strategies-456350d0557c}},
	month={Mar},
	year={2018}
}

@misc{TokenBP,
	author = {ConsenSys Diligence},
	title = {Token Implementation Best Practice},
	howpublished={\url{https://consensys.github.io/smart-contract-best-practices/tokens/}},
	month={Mar},
	year={2020}
}

@misc{DosRevert,
	author = {ConsenSys Diligence},
	title = {Secure Development Recommendations},
	howpublished={\url{https://consensys.github.io/smart-contract-best-practices/recommendations/\#favor-pull-over-push-for-external-calls}},
	month={Mar},
	year={2020}
}
