@Misc{EthGit,
	author       = {Ethereum},
	title        = {{Ethereum project repository}},
	howpublished = {\url{https://github.com/ethereum}},
	month        = may,
	year         = {2014},
	note         = {[Online; accessed 10-Jul-2019]},
}

@Misc{MakSm,
	author       = {Luu, Loi and Chu, Duc-Hiep and Olickel, Hrishi and Saxena, Prateek and Hobor, Aquinas},
	title        = {{Making Smart Contracts Smarter}},
	howpublished = {\url{https://dl.acm.org/ft_gateway.cfm?id=2978309&ftid=1805715&dwn=1&CFID=86372769&CFTOKEN=b697c89273876526-8CBDF39B-A89A-31D2-F565B24919F796C6}},
	month        = oct,
	year         = {2016},
	note         = {[Online; accessed 20-Jul-2019]},
}

@Misc{PeckShield01,
	author       = {PeckShield},
	title        = {{ALERT: New batchOverflow Bug in Multiple ERC20 Smart Contracts (CVE-2018-10299)}},
	howpublished = {\url{https://blog.peckshield.com/2018/04/22/batchOverflow/}},
	month        = apr,
	year         = {2018},
	note         = {[Online; accessed 26-Jun-2019]},
}

@Misc{PeckShield02,
	author       = {PeckShield},
	title        = {{New proxyOverflow Bug in Multiple ERC20 Smart Contracts (CVE-2018-10376)}},
	howpublished = {\url{https://blog.peckshield.com/2018/04/25/proxyOverflow/}},
	month        = apr,
	year         = {2018},
	note         = {[Online; accessed 30-Jun-2019]},
}

@Misc{MikVlad,
	author       = {Mikhail Vladimirov},
	title        = {{Attack vector on ERC20 API (approve/transferFrom methods) and suggested improvements}},
	howpublished = {\url{https://github.com/ethereum/EIPs/issues/20\#issuecomment-263524729}},
	month        = nov,
	year         = {2016},
	note         = {[Online; accessed 18-Jul-2019]},
}

@Misc{TomHale,
	author       = {Tom Hale},
	title        = {{Resolution on the EIP20 API Approve / TransferFrom multiple withdrawal attack \#738}},
	howpublished = {\url{https://github.com/ethereum/EIPs/issues/738}},
	month        = oct,
	year         = {2017},
	note         = {[Online; accessed 5-Jul-2019]},
}

@Misc{ERC20Std,
	author       = {Fabian Vogelsteller, Vitalik Buterin},
	title        = {{ERC-20 Token Standard}},
	howpublished = {\url{https://github.com/ethereum/EIPs/blob/master/EIPS/eip-20.md}},
	month        = nov,
	year         = {2015},
	note         = {[Online; accessed 2-Dec-2018]},
}

@article{ERC20MWA,
	author		= {Rahimian, Reza and Eskandari, Shayan and Clark, Jeremy},
	title		= {Resolving the Multiple Withdrawal Attack on ERC20 Tokens},
	journal		= {IEEE SECURITY \& PRIVACY ON THE BLOCKCHAIN},
	organization= {IEEE},
	year		= {2019}
}

@article{eskandari2019sok,
	author		= {Eskandari, Shayan and Moosavi, Seyedehmahsa and Clark, Jeremy},
	title		= {SoK: Transparent Dishonesty: front-running attacks on Blockchain},
	journal	 	= {International Conference on Financial Cryptography and Data Security},
	organization  = {Springer},
	year			= {2019}
}



@misc{A50Milli86:online,
	author = {Klint Finley},
	title = {A \$50 Million Hack Just Showed That the DAO Was All Too Human | WIRED},
	howpublished = {\url{https://www.wired.com/2016/06/50-million-hack-just-showed-dao-human/}},
	month = {September},
	year = {2016},
	note = {(Accessed on 07/22/2019)}
}

@misc{Solidity7:online,
	author = {},
	title = {Solidity â€” Solidity 0.4.25 documentation},
	howpublished = {\url{https://solidity.readthedocs.io/en/v0.4.25/}},
	month = {},
	year = {},
	note = {(Accessed on 07/23/2019)}
}

@inproceedings{victormeasuring,
	title			= {Measuring Ethereum-based ERC20 Token Networks},
	author		= {Victor, Friedhelm and L{\"u}ders, Bianca Katharina},
	booktitle		= {International Conference on Financial Cryptography and Data Security},
	year			= {2019}
}